<record><leader>02027nam a2200409 i 4500</leader><controlfield tag="001">6799897</controlfield><controlfield tag="003">StDuBDS</controlfield><controlfield tag="005">20150101193036.0</controlfield><controlfield tag="006">m||||||||d||||||||</controlfield><controlfield tag="007">cr |||||||||||</controlfield><controlfield tag="008">141118s2015    ctu    fo|    001|0beng|d</controlfield><datafield ind1=" " ind2=" " tag="020"><subfield code="a">9780300182125 (ebook) :</subfield><subfield code="c">No price</subfield></datafield><datafield ind1=" " ind2=" " tag="035"><subfield code="a">ocn902984676</subfield></datafield><datafield ind1=" " ind2=" " tag="039"><subfield code="a">exclude</subfield></datafield><datafield ind1=" " ind2=" " tag="040"><subfield code="a">StDuBDS</subfield><subfield code="b">eng</subfield><subfield code="c">StDuBDS</subfield><subfield code="e">rda</subfield><subfield code="e">pn</subfield><subfield code="d">AEU</subfield></datafield><datafield ind1=" " ind2="0" tag="050"><subfield code="a">BX9225.W4</subfield><subfield code="b">K48 2015</subfield></datafield><datafield ind1="0" ind2="4" tag="082"><subfield code="a">269.2092</subfield><subfield code="2">23</subfield></datafield><datafield ind1=" " ind2=" " tag="090"><subfield code="a">Internet Access</subfield><subfield code="b">AEU</subfield></datafield><datafield ind1="1" ind2=" " tag="100"><subfield code="a">Kidd, Thomas S.,</subfield><subfield code="e">author.</subfield></datafield><datafield ind1="1" ind2="0" tag="245"><subfield code="a">George Whitefield :</subfield><subfield code="b">America's spiritual founding father /</subfield><subfield code="c">Thomas S. Kidd.</subfield></datafield><datafield ind1=" " ind2="1" tag="264"><subfield code="a">New Haven :</subfield><subfield code="b">Yale University Press,</subfield><subfield code="c">2015.</subfield></datafield><datafield ind1=" " ind2=" " tag="300"><subfield code="a">1 online resource</subfield></datafield><datafield ind1=" " ind2=" " tag="336"><subfield code="a">text</subfield><subfield code="2">rdacontent</subfield></datafield><datafield ind1=" " ind2=" " tag="337"><subfield code="a">computer</subfield><subfield code="2">rdamedia</subfield></datafield><datafield ind1=" " ind2=" " tag="338"><subfield code="a">online resource</subfield><subfield code="2">rdacarrier</subfield></datafield><datafield ind1=" " ind2=" " tag="504"><subfield code="a">Includes bibliographical references and index.</subfield></datafield><datafield ind1=" " ind2=" " tag="506"><subfield code="a">Access restricted to authorized users and institutions.</subfield></datafield><datafield ind1="8" ind2=" " tag="520"><subfield code="a">In the years prior to the American Revolution, George Whitefield was the most famous man in the colonies. This biography explores the extraordinary career of the most influential figure in the first generation of Anglo-American evangelical Christianity, examining his sometimes troubling stands on the pressing issues of the day, both secular and spiritual, and his relationships with such famous contemporaries as Benjamin Franklin, Jonathan Edwards, and John Wesley.</subfield></datafield><datafield ind1=" " ind2=" " tag="588"><subfield code="a">Description based on online resource; title from home page (viewed on November 26, 2014).</subfield></datafield><datafield ind1=" " ind2=" " tag="596"><subfield code="a">44</subfield></datafield><datafield ind1="1" ind2="0" tag="600"><subfield code="a">Whitefield, George,</subfield><subfield code="d">1714-1770.</subfield></datafield><datafield ind1=" " ind2="0" tag="650"><subfield code="a">Evangelists</subfield><subfield code="z">Great Britain</subfield><subfield code="v">Biography.</subfield></datafield><datafield ind1=" " ind2="0" tag="650"><subfield code="a">Evangelists</subfield><subfield code="z">United States</subfield><subfield code="v">Biography.</subfield></datafield><datafield ind1=" " ind2="0" tag="651"><subfield code="a">United States</subfield><subfield code="x">Church history.</subfield></datafield><datafield ind1="4" ind2="0" tag="856"><subfield code="3">University of Alberta Access</subfield><subfield code="u">http://dx.doi.org/10.12987/yale/9780300181623.001.0001</subfield><subfield code="z">(Unlimited Concurrent Users)</subfield></datafield><datafield ind1=" " ind2=" " tag="949"><subfield code="h">UAIN</subfield><subfield code="z">UPSO</subfield></datafield><datafield ind1=" " ind2=" " tag="926"><subfield code="a">Internet Access</subfield><subfield code="w">LC</subfield><subfield code="c">1</subfield><subfield code="i">6799897-1001</subfield><subfield code="l">INTERNET</subfield><subfield code="m">UAINTERNET</subfield><subfield code="r">Y</subfield><subfield code="s">Y</subfield><subfield code="t">E-RESOURCE</subfield><subfield code="u">2/6/2015</subfield><subfield code="x">E-BOOK</subfield><subfield code="z">UPSO</subfield></datafield></record>